<?xml version="1.0" encoding="UTF-8"?><record xmlns="http://www.loc.gov/MARC21/slim" xmlns:cinclude="http://apache.org/cocoon/include/1.0" xmlns:zs="http://www.loc.gov/zing/srw/">
  <leader>00474cz  a2200133n  4500</leader>
  <controlfield tag="001">n  82056270 </controlfield>
  <controlfield tag="003">DLC</controlfield>
  <controlfield tag="005">20090111080200.0</controlfield>
  <controlfield tag="008">820423n| acannaabn          |n ana     c</controlfield>
  <datafield tag="010" ind1=" " ind2=" ">
    <subfield code="a">n  82056270 </subfield>
  </datafield>
  <datafield tag="035" ind1=" " ind2=" ">
    <subfield code="a">(OCoLC)oca00753165</subfield>
  </datafield>
  <datafield tag="040" ind1=" " ind2=" ">
    <subfield code="a">DGPO</subfield>
    <subfield code="b">eng</subfield>
    <subfield code="c">DLC</subfield>
    <subfield code="d">OCoLC</subfield>
  </datafield>
  <datafield tag="110" ind1="2" ind2=" ">
    <subfield code="a">American Bureau of Shipping.</subfield>
    <subfield code="b">Ocean Engineering Division</subfield>
  </datafield>
  <datafield tag="670" ind1=" " ind2=" ">
    <subfield code="a">Jan, H. Comparison of stresses ... 1979 (a.e.)</subfield>
    <subfield code="b">t.p. verso (American Bureau of Shipping, Ocean Engineering Division, New York, N. Y.)</subfield>
  </datafield>
</record>